@book{Sarkka2013, 
	series={Institute of Mathematical Statistics Textbooks},
	volume={3}, 
	title={{B}ayesian Filtering and Smoothing}, 
	publisher={Cambridge University Press}, 
	author={S\"{a}rkk\"{a}, Simo}, 
	year={2013}
}

@book{Sarkka2019, 
	series={Institute of Mathematical Statistics Textbooks}, 
	volume={10},
	title={Applied Stochastic Differential Equations},
	publisher={Cambridge University Press}, 
	author={S\"{a}rkk\"{a}, Simo and Solin, Arno}, 
	year={2019}, 
}

@article{Zhao2020SSDGP,
	title={Deep state-space {G}aussian processes},
	author={Zhao, Zheng and Emzir, Muhammad and S{\"a}rkk{\"a}, Simo},
	journal={Statistics and Computing},
	volume={31},
	number={6},
	pages={75},
	year={2021}
}

@article{Zhao2021RSSGP,
	title={Hierarchical Non-Stationary Temporal {G}aussian Processes With {$L^1$}-Regularization},
	author={Zhao, Zheng and Rui, Gao and S{\"a}rkk{\"a}, Simo},
	journal={arXiv preprint arXiv:2105.09695},
	year={2021}
}

@book{Karatzas1991,
	author = {Ioannis Karatzas and Steven E. Shreve},
	title = {Brownian Motion and Stochastic Calculus},
	publisher = {Springer-Verlag New York},
	series = {Graduate Texts in Mathematics},
	volume = {113},
	edition = {2nd},
	year = {1991}
}

@article{Wiener1923,
	title={Differential-Space},
	author={Nobert Wiener},
	journal={Journal of Mathematics and Physics},
	volume={2},
	number={1-4},
	pages={131--174},
	year={1923}
}

@book{Kuo2006Book,
	author = {Hui-Hsiung Kuo},
	title = {Introduction to Stochastic Integration},
	publisher = {Springer-Verlag New York},
	series = {Universitext},
	year = {2006}
}

@book{Kuo1975Book,
	author = {Hui-Hsiung Kuo},
	title = {Gaussian Measures in Banach Spaces},
	publisher = {Springer-Verlag New York},
	series = {Lecture Notes in Mathematics},
	volume = {463},
	year = {1975}
}

@book{Koralov2007,
	author = {Leonid B. Koralov and Yakov G. Sinai},
	title = {Theory of Probability and Random Processes},
	publisher = {Springer-Verlag Berlin Heidelberg},
	series = {Lecture Notes in Mathematics},
	year = {2007}, 
	edition = {2nd}
}

@book{Morters2010book,
	author = {Peter M\"{o}rters and Yuval Peres},
	title = {Brownian Motion},
	series = {Cambridge Series in Statistical and Probabilistic Mathematics},
	volume = {30},
	publisher = {Cambridge University Press},
	year = {2010}
}

@book{ReneBrownianBook2012,
	author = {Ren\'{e} L. Schilling and Lothar Partzsch},
	title = {Brownian Motion: An Introduction to Stochastic Processes},
	publisher = {De Gruyter},
	year = {2012}
}

@book{ReneMeasure2017,
	author = {Ren\'{e} L. Schilling},
	title = {Measures, Integrals and Martingales},
	publisher = {Cambridge University Press},
	edition = {2nd},
	year = {2017}
}

@inproceedings{Ito1944, 
	author = {Kiyosi It\^{o}},
	title = {Stochastic integral},
	booktitle = {Proceedings of the Imperial Academy},
	volume = {20},
	issue = {8},
	pages = {519--524},
	year = {1944}
}

@article{Stratonovich1966,
	title={A New Representation for Stochastic Integrals and Equations},
	author={Ruslan Leont'evich Stratonovich},
	journal={SIAM Journal on Control},
	volume={4},
	number={2},
	pages={362--371},
	year={1966}
}

@book{Giuseppe2014,
	author = {Giuseppe Da Prato and Jerzy Zabczyk},
	title = {Stochastic Equations in Infinite Dimensions},
	edition = {2nd},
	series = {Encyclopedia of Mathematics and Its Applications},
	volume = {152},
	publisher = {Cambridge University Press},
	year = {2014}
}

@book{Lord_powell_shardlow_2014, 
	place={Cambridge}, 
	series={Cambridge Texts in Applied Mathematics}, 
	volume={50},
	title={An Introduction to Computational Stochastic PDEs},
	publisher={Cambridge University Press}, 
	author={Lord, Gabriel J. and Powell, Catherine E. and Shardlow, Tony}, 
	year={2014}
}

@book{Oksendal2003,
	author = {Bernt {\O}ksendal},
	title = {Stochastic Differential Equations: An Introduction with Applications},
	edition = {6th},
	series = {Universitext},
	publisher = {Springer-Verlag Berlin Heidelberg},
	year = {2007},
}

@book{Chung1990,
	author = {Kai Lai Chung and Ruth J. Williams},
	title = {Introduction to Stochastic Integration},
	series = {Probability and Its Applications},
	publisher = {Birkh\"{a}user Boston},
	edition = {2nd},
	year = {1990}
}

@book{AchimKlenke2014,
	author = {Achim Klenke},
	title = {Probability Theory: A Comprehensive Course},
	publisher = {Springer-Verlag London},
	edition = {2nd}, 
	year = {2014}
}

@book{Williams2000Vol2,
	author = {Chris Rogers and David Williams},
	title = {Diffusions, Markov Processes, and Martingales},
	publisher = {Cambridge University Press},
	year = {2000},
	edition = {2nd}
}

@book{Ikeda1992,
	author = {Nobuyuki Ikeda and Shinzo Watanabe},
	title = {Stochastic Differential Equations and Diffusion Processes},
	publisher = {North Holland},
	year = {1992},
	edition = {2nd}
}

@article{Yamada1971,
	author = {Toshio Yamada and Shinzo Watanabe},
	title = {On the uniqueness of solutions of stochastic differential equations},
	volume = {11},
	journal = {Journal of Mathematics of Kyoto University},
	number = {1},
	pages = {155--167},
	year = {1971}
}

@book{LeGall2016,
	author = {Jean-Fran\c{c}ois Le Gall},
	title = {Brownian Motion, Martingales, and Stochastic Calculus},
	publisher = {Springer International Publishing Switzerland},
	series = {Graduate Texts in Mathematics},
	volume = {274},
	year = {2016}
}

@article{Stroock1969,
	author = {Daniel W. Stroock and Sathamangalam R. S. Varadhan},
	title = {Diffusion processes with continuous coefficients, {I} and {II}},
	volume = {22},
	journal = {Communications on Pure and Applied Mathematics},
	number = {3 and 4},
	pages = {345--400 and 478--530},
	year = {1969}
}

@book{Ethier1986,
	author = {Stewart N. Ethier and Thomas G. Kurtz},
	title = {Markov Processes: Characterization and Convergence},
	publisher = {John Wiley \& Sons},
	year = {1986}
}

@book{Dynkin1965,
	author = {Eugene B. Dynkin},
	title = {Markov Processes: Volume 1},
	publisher = {Springer-Verlag Berlin Heidelberg},
	year = {1965}
}

@book{Ito2004,
	author = {Kiyosi It\^{o}},
	title = {Stochastic Processes: Lectures given at Aarhus University},
	publisher = {Springer-Verlag Berlin Heidelberg},
	year = {2004}
}

@article{Kessler1997,
	author = {Mathieu Kessler},
	title = {Estimation of an Ergodic Diffusion from Discrete Observations},
	volume = {24},
	journal = {Scandinavian Journal of Statistics},
	number = {2},
	pages = {211--229},
	year = {1997}
}

@article{Sahalia2003,
	author = {Yacine A\"{i}t-Sahalia},
	title = {Maximum Likelihood Estimation of Discretely Sampled Diffusions: a Closed‚Äêform Approximation Approach},
	volume = {70},
	journal = {Econometrica},
	number = {1},
	pages = {223--262},
	year = {2003}
}

@article{Zmirou1986,
	author = {Didier Dacunha-Castelle and Danielle Florens-Zmirou},
	title = {Estimation of the coefficients of a diffusion from discrete observations},
	volume = {19},
	journal = {Stochastics},
	number = {4},
	pages = {263--284},
	year = {1986}
}

@article{Zmirou1989,
	author = {Danielle Florens-Zmirou},
	title = {Approximate discrete-time schemes for statistics of diffusion processes},
	volume = {20},
	journal = {Statistics},
	number = {4},
	pages = {547--557},
	year = {1989}
}

@book{Kloeden1992,
	author = {Peter E. Kloeden and Eckhard Platen},
	title = {Numerical Solution of Stochastic Differential Equations},
	publisher = {Springer-Verlag Berlin Heidelberg},
	year = {1992}
}

@book{Davis1984,
	author = {Philip J. Davis and Philip Rabinowitz},
	title = {Methods of Numerical Integration},
	publisher = {Academic Press},
	year = {1984}
}

@article{Arasaratnam2007,
	author = {Arasaratnam, Ienkaran and Haykin, Simon and Elliott, Robert J.},
	title = {Discrete-Time Nonlinear Filtering Algorithms Using {G}auss--{H}ermite Quadrature},
	journal = {Proceedings of the IEEE},
	volume = {95},
	number = {5},
	pages = {953--977},
	year = {2007}
}

@article{ZhaoTME2020,
	author = {Zheng Zhao and Toni Karvonen and Roland Hostettler and Simo S\"{a}rkk\"{a}},
	title = {Taylor Moment Expansion for Continuous-Discrete {G}aussian Filtering},
	journal = {IEEE Transactions on Automatic Control},
	volume={66},
	number={9},
	pages={4460--4467},
	year = {2021}
}

@article{ZhaoZTMEsmoother2021,
	title={Non-linear {G}aussian smoothing with {T}aylor moment expansion},
	author={Zhao, Zheng and S{\"a}rkk{\"a}, Simo},
	journal={IEEE Signal Processing Letters},
	year={2021},
	note={In press}
}

@book{Jazwinski1970,
	author = {Andrew H. Jazwinski},
	title = {Stochastic Processes and Filtering Theory},
	publisher = {Academic Press},
	year = {1970}
}

@book{Bain2009,
	author = {Alan Bain and Dan Crisan},
	title = {Fundamentals of Stochastic Filtering},
	publisher = {Springer-Verlag New York},
	year = {2009}
}

@book{DongbinXiu2010,
	author = {Dongbin Xiu},
	title = {Numerical Methods for Stochastic Computations: A Spectral Method Approach},
	publisher = {Princeton University Press},
	year = {2010}
}

@book{Khasminskii2012,
	author = {Rafail Khasminskii},
	title = {Stochastic Stability of Differential Equations},
	publisher = {Springer-Verlag Berlin Heidelberg},
	year = {2012}
}

@article{Sarkka2010CD,
	author = {Simo  S\"{a}rkk\"{a}},
	title = {Continuous-time and continuous-discrete-time unscented {R}auch--{T}ung--{S}triebel smoothers},
	journal = {Signal Processing},
	volume = {90}, 
	number = {1},
	pages = {225--235},
	year = {2010}
}

@article{Kulikova2014,
	author = {Gennady Yu. Kulikov and Maria V. Kulikova},
	journal={IEEE Transactions on Automatic Control},
	title={Accurate Numerical Implementation of the Continuous-Discrete Extended {K}alman Filter},
	year={2014},
	volume={59},
	number={1},
	pages={273--279},
}

@book{Iacus2008,
	author = {Iacus, Stefano M.},
	title = {Simulation and Inference for Stochastic Differential Equations: With R Examples},
	publisher = {Springer-Verlag New York},
	year = {2008}
}

@book{HornBook1991,
	author = {Roger A. Horn and Charles R. Johnson},
	title = {Topics in Matrix Analysis},
	publisher = {Cambridge University Press},
	year = {1991}
}

@article{Weyl1912,
	author = {Hermann Weyl},
	journal={Mathematische Annalen},
	title={Das asymptotische Verteilungsgesetz der Eigenwerte linearer partieller Differentialgleichungen},
	year={1912},
	volume={71},
	number={4},
	pages={441--479},
}

@book{Bernstein2009,
	author = {Dennis S. Bernstein},
	title = {Matrix Mathematics: Theory, Facts, and Formulas},
	publisher = {Princeton University Press},
	year = {2009}
}

@article{Helmke1995,
	author = {Uwe Helmke and Joachim Rosenthal},
	journal={Mathematische Nachrichten},
	title={Eigenvalue Inequalities and {S}chubert Calculus},
	year={1995},
	volume={171},
	number={1},
	pages={207--225},
}

@book{Basu2006,
	author = {Saugata Basu and Richard Pollack and Marie-Fran\c{c}oise Roy},
	title = {Algorithms in Real Algebraic Geometry},
	publisher = {Springer-Verlag Berlin Heidelberg},
	year = {2006}
}

@inproceedings{Langenhop1960,
	title={Bounds on the norm of a solution of a general differential equation},
	author={Carl E. Langenhop},
	booktitle={Proceedings of the American Mathematical Society},
	volume={11},
	issue={5},
	pages = {795--799},
	year={1960}
}

@book{Pachpatte1997,
	author = {Baburao G. Pachpatte},
	title = {Inequalities for Differential and Integral Equations},
	publisher = {Academic Press},
	series = {Mathematics in Science and Engineering},
	volume = {197},
	year = {1998},
}

@article{Beard1999,
	author = {Randal Beard and John Kenney and Jacob Gunther and Jonathan Lawton and Wynn Stirling},
	journal={Journal of Guidance, Control, and Dynamics},
	title={Nonlinear Projection Filter Based on {G}alerkin Approximation},
	year={1999},
	volume={22},
	number={2},
	pages={258--266},
}

@article{Kushner1964,
	author = {Harold J. Kushner},
	journal={Journal of the Society for Industrial and Applied Mathematics, Series A: Control},
	title={On the Differential Equations Satisfied by Conditional Probablitity Densities of {M}arkov Processes, with Applications},
	year={1964},
	volume={2},
	number={1},
	pages={106--119},
}

@article{Zakai1969,
	author = {Moshe Zakai},
	journal={Zeitschrift f\"{u}r Wahrscheinlichkeitstheorie und Verwandte Gebiete},
	title={On the optimal filtering of diffusion processes},
	year={1969},
	volume={11},
	number={3},
	pages={230--243},
}

@article{Anderson1972,
	author = {Brian D. O. Anderson},
	journal={Information and Control},
	title={Fixed interval smoothing for nonlinear continuous time systems},
	year={1972},
	volume={20},
	number={3},
	pages={294--300},
}

@article{Koyama2018,
	author = {Shinsuke Koyama},
	journal={Signal Processing},
	title={Projection smoothing for continuous and continuous-discrete stochastic dynamic systems},
	year={2018},
	volume={144},
	pages={333--340},
}

@article{Brigo1998,
	author = {Damiano Brigo and Bernard Hanzon and Fran\c{c}ois LeGland},
	journal={IEEE Transactions on Automatic Control},
	title={A differential geometric approach to nonlinear filtering: the projection filter},
	year={1998},
	volume={43},
	number={2},
	pages={247--252},
}

@article{Kazufumi2000,
	author = {Kazufumi It\^{o} and Kaiqi Xiong},
	journal={IEEE Transactions on Automatic Control},
	title={Gaussian filters for nonlinear filtering problems},
	year={2000},
	volume={45},
	number={5},
	pages={910--927},
}

@article{SimoGFS2013,
	author = {Simo S\"{a}rkk\"{a} and Juha Sarmavuori},
	journal={Signal Processing},
	title={Gaussian filtering and smoothing for continuous-discrete dynamic systems},
	year={2013},
	volume={93},
	number={2},
	pages={500--510},
}

@phdthesis{Solin2016, 
	author = {Arno Solin}, 
	title = {Stochastic Differential Equation Methods for Spatio-Temporal Gaussian Process Regression}, 
	school = {Aalto University},
	year = {2016}
}

@book{Maybeck1982,
	author = {Peter S. Maybeck},
	title = {Stochastic Models, Estimation, and Control: Volume 2},
	publisher = {Academic Press},
	year = {1982},
}

@inproceedings{Simo2012,
	title = {On Continuous-Discrete {C}ubature {K}alman Filtering},
	booktitle = {Proceedings of 16th IFAC Symposium on System Identification}, 
	volume = {45},
	issue = {16},
	pages = {1221--1226},
	year = {2012},
	author = {Simo S\"{a}rkk\"{a} and Arno Solin}
}

@article{CDCKF2010,
	author = {Ienkaran Arasaratnam and Simon Haykin and Thomas R. Hurd},
	journal={IEEE Transactions on Automatic Control},
	title={Cubature {K}alman Filtering for Continuous-Discrete Systems: Theory and Simulations},
	year={2010},
	volume={58},
	number={10},
	pages={4977--4993},
}

@article{Cubature2009,
	author = {Ienkaran Arasaratnam and Simon Haykin},
	journal={IEEE Transactions on Automatic Control},
	title={Cubature {K}alman Filters},
	year={2009},
	volume={54},
	number={6},
	pages={1254--1269},
}

@article{Sancho1970,
	author = {Neville Sancho},
	journal={Journal of Mathematical Analysis and Applications},
	title={On the Approximate Moment Equations of a Nonlinear Stochastic Differential Equation},
	year={1970},
	volume={29},
	number={2},
	pages={384--391},
}

@inproceedings{Julier2004,
	title = {Unscented Filtering and Nonlinear Estimation},
	booktitle = {Proceedings of the IEEE}, 
	volume = {92},
	issue = {3},
	pages = {401--422},
	year = {2004},
	author = {Simo J. Julier and Jeffrey K. Uhlmann}
}

@article{Challa2000,
	author = {Subhash Challa and Yaakov Bar-Shalom},
	journal={IEEE Transactions on Aerospace and Electronic Systems},
	title={Nonlinear filter design using {F}okker--{P}lanck--{K}olmogorov probability density evolutions},
	year={2000},
	volume={36},
	number={1},
	pages={309--315},
}

@article{Anderson1981,
	author = {Brian D. O. Anderson and John B. Moore},
	journal={SIAM Journal on Control and Optimization},
	title={Detectability and Stabilizability of Time-Varying Discrete-Time Linear Systems},
	year={1981},
	volume={19},
	number={1},
	pages={20--32},
}

@article{Reif1999,
	author = {Konrad Reif and Stefan G\"{u}nther and Engin Yaz and Rolf Unbehauen},
	journal={IEEE Transactions on Automatic Control},
	title={Stochastic Stability of the Discrete-Time Extended {K}alman Filter},
	year={1999},
	volume={44},
	number={4},
	pages={714--728},
}

@article{Xiong2006,
	author = {Kaiqi Xiong and H. Y. Zhang and C. W. Chan},
	journal={Automatica},
	title={Performance evaluation of {UKF}-based nonlinear filtering},
	year={2006},
	volume={42},
	number={2},
	pages={261--270},
}

@article{Toni2020,
	author = {Toni Karvonen and Silv\`{e}re Bonnabel and Eric Moulines and Simo S\"{a}rkk\"{a}},
	journal={SIAM Journal on Control and Optimization},
	title={On stability of a class of filters for nonlinear stochastic systems},
	year={2020},
	volume={58},
	number={4},
	pages={2023--2049},
}


@book{BarShalom2002,
	author = {Yaakov Bar‚ÄêShalom and Xiao-Rong Li and Thiagalingam Kirubarajan},
	title = {Estimation with Applications to Tracking and Navigation: Theory, Algorithms and Software},
	publisher = {John Wiley \& Sons},
	year = {2002},
}

@book{Carl2006GPML,
	author = {Carl E. Rasmussen and Christopher K. I. Williams},
	title = {Gaussian Processes for Machine Learning},
	publisher = {MIT Press},
	year = {2006},
}

@book{Bogachev1998,
	author = {Vladimir I. Bogachev},
	title = {Gaussian Measures},
	publisher = {American Mathematical Society},
	year = {1998},
}

@incollection{Snelson2006,
	title = {Sparse {G}aussian Processes using Pseudo-inputs},
	author = {Edward Snelson and Zoubin Ghahramani},
	booktitle = {Advances in Neural Information Processing Systems 18},
	pages = {1257--1264},
	year = {2006},
	publisher = {MIT Press}
}

@article{Csato2002,
	title={Sparse on-line {G}aussian processes},
	author={Lehel Csat\'{o} and Manfred Opper},
	journal={Neural Computation},
	volume={14},
	number={3},
	pages={641--668},
	year={2002}
}

@article{Quinonero2005unifying,
	title={A unifying view of sparse approximate {G}aussian process regression},
	author={Joaquin Qui{\~{n}}onero-Candela and Rasmussen, Carl E.},
	journal={Journal of Machine Learning Research},
	volume={6},
	pages={1939--1959},
	year={2005}
}

@article{Lazaro2010,
	title={Sparse Spectrum {G}aussian Process Regression},
	author={Miguel L\'{a}zaro-Gredilla and Joaquin Qui{\~{n}}onero-Candela and Carl E. Rasmussen and Figueiras-Vidal R. An\'{i}bal},
	journal={Journal of Machine Learning Research},
	volume={11},
	number  = {63},
	pages={1865--1881},
	year={2010}
}

@inproceedings{Gardner2018,
	author = {Gardner, Jacob and Pleiss, Geoff and Weinberger, Kilian Q. and Bindel, David and Wilson, Andrew G.},
	booktitle = {Advances in Neural Information Processing Systems 31},
	pages = {1--11},
	publisher = {Curran Associates, Inc.},
	title = {{GPyTorch}: Blackbox Matrix-Matrix {G}aussian Process Inference with {GPU} Acceleration},
	year = {2018}
}

@article{Simo2013SSGP,
	title={Spatiotemporal Learning via Infinite-Dimensional {B}ayesian Filtering and Smoothing: a Look at {G}aussian Process Regression Through {K}alman Filtering},
	author={Simo S\"{a}rkk\"{a} and Arno Solin and Jouni Hartikainen},
	journal={IEEE Signal Processing Magazine},
	volume={30},
	number={4},
	pages={51--61},
	year={2013}
}

@article{KalmanBucy1961,
	title={New Results in Linear Filtering and Prediction Theory},
	author={Rudolf E. K\'{a}lm\'{a}n and Richard S. Bucy},
	journal={Journal of Basic Engineering},
	volume={83},
	number={1},
	pages={95--108},
	year={1961}
}

@inproceedings{Hartikainen2010,
	author = {Jouni Hartikainen and Simo S\"{a}rkk\"{a}},
	booktitle = {Proceedings of the 20th IEEE International Workshop on Machine Learning for Signal Processing (MLSP)},
	pages = {379--384},
	title = {Kalman filtering and smoothing solutions to temporal {G}aussian process regression models},
	year = {2010}
}

@article{Corenflos2021SSGP,
	title={Gaussian Process Regression in Logarithmic Time},
	author={Corenflos, Adrien and Zhao, Zheng and S{\"a}rkk{\"a}, Simo},
	journal={arXiv preprint arXiv:2102.09964},
	year={2021}
}

@article{Simo2021Parallel,
	title={Temporal Parallelization of {B}ayesian Smoothers},
	author={Simo S\"{a}rkk\"{a} and Garc\'{i}a-Fern\'{a}ndez, \'{A}ngel F.},
	journal={IEEE Transactions on Automatic Control},
	volume={366},
	number={1},
	pages={299--306},
	year={2021}
}

@book{Rue2005Book,
	author = {H{\aa}vard Rue and Leonhard Held},
	title = {Gaussian Markov Random Fields: Theory and Applications},
	publisher = {Chapman \& Hall/CRC},
	year = {2005},
}

@article{Rue2007,
	title={Approximate {B}ayesian inference for hierarchical {G}aussian {M}arkov random field models},
	author={H{\aa}vard Rue and Sara Martino},
	journal={Journal of Statistical Planning and Inference},
	volume={137},
	number={10},
	pages={3177--3192},
	year={2007}
}

@article{Rozanov1977,
	title={Markov random fields and stochastic partial differential equations},
	author={Iurii A. Rozanov},
	journal={Mathematics of the USSR-Sbornik},
	volume={32},
	number={4},
	pages={515--534},
	year={1977}
}

@book{Rozanov1982,
	author = {Iurii A. Rozanov},
	title = {Markov Random Fields},
	publisher = {Springer-Verlag New York},
	year = {1982}
}

@phdthesis{Matern1960, 
	author = {Bertil Mat\'{e}rn}, 
	title = {Spatial Variation: Stochastic models and their applications to some problems in forest surveys and other sampling investigations}, 
	school = {Stockholm University},
	year = {1960}
}

@book{Bishop2006,
	author = {Christopher M. Bishop},
	title = {Pattern Recognition and Machine Learning},
	publisher = {Springer},
	year = {2006},
}

@book{Koller2009,
	author = {Daphne Koller and Nir Friedman},
	title = {Probabilistic Graphical Models: Principles and Techniques},
	publisher = {MIT Press},
	year = {2009},
}

@book{Gross2019,
	author = {Jonathan L. Gross and Jay Yellen and Mark Anderson},
	title = {Graph Theory and Its Applications},
	edition = {3rd},
	publisher = {Chapman \& Hall/CRC},
	year = {2018},
}

@article{Emzir2020,
	title={Non-stationary multi-layered {G}aussian priors for {B}ayesian inversion},
	author={Muhammad Emzir and Sari Lasanen and Zenith Purisha and Lassi Roininen and Simo S\"{a}rkk\"{a}},
	journal={Inverse Problems},
	volume={37},
	number={1},
	pages={015002},
	year={2020}
}

@article{Dunlop2018JMLR,
	author  = {Matthew M. Dunlop and Mark A. Girolami and Andrew M. Stuart and Aretha L. Teckentrup},
	title   = {How Deep Are Deep {G}aussian Processes?},
	journal = {Journal of Machine Learning Research},
	year    = {2018},
	volume  = {19},
	number  = {54},
	pages   = {1--46}
}

@inproceedings{Paciorek2004,
	title={Nonstationary covariance functions for {G}aussian process regression},
	author={Paciorek, Christopher J. and Schervish, Mark J.},
	booktitle = {Advances in Neural Information Processing Systems 16},
	pages={273--280},
	publisher = {MIT Press},
	year={2004}
}

@article{Paciorek2006,
	title={Spatial modelling using a new class of nonstationary covariance functions},
	author={Paciorek, Christopher J. and Schervish, Mark J.},
	journal={Environmetrics},
	volume={17},
	number={5},
	pages={483--506},
	year={2006}
}

@phdthesis{Gibbs, 
	author = {Mark N. Gibbs}, 
	title = {{B}ayesian {G}aussian Processes for Regression and Classification}, 
	school = {University of Cambridge},
	year = {1997}
}

@phdthesis{Duvenaud2014Thesis, 
	author = {David K. Duvenaud}, 
	title = {Automatic Model Construction with {G}aussian Processes}, 
	school = {University of Cambridge},
	year = {2014}
}

@inproceedings{Duvenaud2014, 
	title = {Avoiding pathologies in very deep networks}, 
	author = {David K. Duvenaud and Oren Rippel and Ryan Adams and Zoubin Ghahramani}, 
	booktitle = {Proceedings of the 17th International Conference on Artificial Intelligence and Statistics}, 
	pages = {202--210}, 
	year = {2014}, 
	volume = {33}, 
	address = {Reykjav\'{i}k, Iceland}, 
	publisher = {PMLR}
}

@article{Higdon1999non,
	title={Non-stationary spatial modeling},
	author={Higdon, Dave and Swall, Jenise and Kern, J.},
	journal={Bayesian Statistics},
	volume={6},
	number={1},
	pages={761--768},
	year={1999}
}

@inproceedings{Snoek2014, 
	title = {Input Warping for {B}ayesian Optimization of Non-Stationary Functions}, 
	author = {Jasper Snoek and Kevin Swersky and Rich Zemel and Ryan Adams}, 
	booktitle = {Proceedings of the 31st International Conference on Machine Learning}, 
	pages = {1674--1682}, 
	year = {2014}, 
	volume = {32}, 
	publisher = {PMLR}
}

@inproceedings{Remes2017,
	author = {Remes, Sami and Heinonen, Markus and Kaski, Samuel},
	booktitle = {Advances in Neural Information Processing Systems 30},
	publisher = {Curran Associates, Inc.},
	title = {Non-Stationary Spectral Kernels},
	year = {2017}
}

@incollection{Syama2018,
	title = {Deep State Space Models for Time Series Forecasting},
	author = {Rangapuram, Syama S. and Seeger, Matthias W. and Gasthaus, Jan and Stella, Lorenzo and Wang, Yuyang and Januschowski, Tim},
	booktitle = {Advances in Neural Information Processing Systems 31},
	pages = {7785--7794},
	year = {2018},
	publisher = {Curran Associates, Inc.}
}

@book{Mao2008,
	author = {Xuerong Mao},
	title = {Stochastic Differential Equations and Applications},
	edition = {2nd},
	publisher = {Woodhead Publishing},
	year = {2008},
}

@book{Friedman1975,
	author = {Avner Friedman},
	title = {Stochastic Differential Equations and Applications: Volume 1},
	publisher = {Academic Press},
	year = {1975},
}

@article{Shen2006,
	title={The improved {L}a{S}alle-type theorems for stochastic functional differential equations},
	author={Yi Shen and Qi Luo and Xuerong Mao},
	journal={Journal of Mathematical Analysis and Applications},
	volume={318},
	number={1},
	pages={134--154},
	year={2006}
}

@article{XuDaoyi2008,
	title={Existence--uniqueness and continuation theorems for stochastic functional differential equations},
	author={Daoyi Xu and Zhiguo Yang and Yumei Huang},
	journal={Journal of Differential Equations},
	volume={245},
	number={6},
	pages={1681--1703},
	year={2008}
}

@book{Strock1979,
	author = {Daniel W. Stroock and Sathamangalam R. S. Varadhan},
	title = {Multidimensional Diffusion Processes},
	publisher = {Springer-Verlag Berlin Heidelberg},
	year = {1979},
}

@book{Brogan2011,
	author = {William L. Brogan},
	title = {Modern Control Theory},
	edition = {3rd},
	publisher = {Pearson},
	year = {2011}
}

@inproceedings{Baake2011,
	author={Michael Baake and Ulrike Schl\"{a}gel},
	booktitle={Proceedings of the Steklov Institute of Mathematics}, 
	title={The {P}eano--{B}aker Series}, 
	year={2011},
	volume={275},
	pages={155--159}
}

@article{DaCunha2005,
	author = {Jeffery J. DaCunha},
	title = {Transition matrix and generalized matrix exponential via the {P}eano--{B}aker series},
	journal = {Journal of Difference Equations and Applications},
	volume = {11},
	number = {15},
	pages = {1245--1264},
	year = {2005}
}

@article{Moan2008MagnusConv,
	author = {Per C. Moan and Jitse Niesen},
	title = {Convergence of the {M}agnus Series},
	journal = {Foundations of Computational Mathematics},
	volume = {8},
	number = {3},
	pages = {291--301},
	year = {2008}
}

@article{Ozaki1993,
	author = {Tohru Ozaki},
	title = {A local linearization approach to nonlinear filtering},
	journal = {International Journal of Control},
	volume = {57},
	number = {1},
	pages = {75--96},
	year = {1993}
}

@article{Axelsson2015,
	author = {Patrik Axelsson and Fredrik Gustafsson},
	title = {Discrete-Time Solutions to the Continuous-Time Differential {L}yapunov Equation With Applications to {K}alman Filtering},
	journal = {IEEE Transactions on Automatic Control},
	volume = {60},
	number = {3},
	pages = {632--643},
	year = {2015}
}

@book{Kessler2012,
	author = {Mathieu Kessler and Alexander Lindner and Michael S{\o}rensen},
	title = {Statistical Methods for Stochastic Differential Equations},
	publisher = {Chapman \& Hall/CRC},
	year = {2012}
}

@article{Beskos2005,
	author = {Alexandros Beskos and Gareth O. Roberts},
	title = {Exact simulation of diffusions},
	journal = {The Annals of Applied Probability},
	volume = {15},
	number = {4},
	pages = {2422--2444},
	year = {2005}
}

@article{Blanchet2020,
	author = {Jose Blanchet and Fan Zhang},
	title = {Exact simulation for multivariate {I}t\^{o} diffusions},
	journal = {Advances in Applied Probability},
	volume = {52},
	number = {4},
	pages = {1003--1034},
	year = {2020}
}

@book{Robert2004,
	author = {Christian P. Robert and George Casella},
	title = {Monte Carlo Statistical Methods},
	edition = {2nd},
	publisher = {Springer New York},
	year = {2004}
}

@book{Glad2000,
	author = {Torkel Glad and Lennart Ljung},
	title = {Control Theory: Multivariable and Nonlinear Methods},
	publisher = {Taylor \& Francis},
	year = {2000},
}

@inproceedings{Solin2014, 
	title = {Explicit Link Between Periodic Covariance Functions and State Space Models}, 
	author = {Arno Solin and Simo S\"{a}rkk\"{a}}, 
	booktitle = {Proceedings of the Seventeenth International Conference on Artificial Intelligence and Statistics}, 
	pages = {904--912}, 
	year = {2014}, 
	address = {Reykjav\'{i}k, Iceland}, 
	publisher = {PMLR}
}

@article{Osborne1960,
	author = {E. E. Osborne},
	title = {On Pre-Conditioning of Matrices},
	journal = {Journal of the ACM},
	volume = {7},
	number = {4},
	pages = {338--345},
	year = {1960}
}

@incollection{Parlett1971,
	title = {Balancing a Matrix for Calculation of Eigenvalues and Eigenvectors},
	author = {Beresford N. Parlett and Christian Reinsch},
	booktitle = {Handbook for Automatic Computation},
	pages = {315--326},
	year = {1971},
	publisher = {Springer-Verlag Berlin}
}

@incollection{Neal1998,
	author = {Radford M. Neal},
	title = {Regression and Classification Using {G}aussian Process Priors},
	booktitle = {Proceedings of the Sixth Valencia International Meeting}, 
	series = {Bayesian Statistics},
	volume = {6},
	pages = {475-501},
	year = {1999},
	publisher = {Oxford University Press}
}

@article{Garcia2019,
	author = {\'{A}ngel F. Garc\'{i}a-Fern\'{a}ndez and Filip Tronarp and Simo S\"{a}rkk\"{a}},
	title = {{G}aussian Process Classification Using Posterior Linearization},
	journal = {IEEE Signal Processing Letters},
	volume = {26},
	number = {5},
	pages = {735--739},
	year = {2019}
}

@article{Tibshirani1996,
	author = {Robert Tibshirani},
	title = {Regression Shrinkage and Selection Via the {L}asso},
	journal = {Journal of the Royal Statistical Society: Series B (Statistical Methodology)},
	volume = {58},
	number = {1},
	pages = {267--288},
	year = {1996}
}

@book{Kaipio2005,
	author = {Jari P. Kaipio and Erkki Somersalo},
	title = {Statistical and Computational Inverse Problems},
	publisher = {Springer-Verlag New York},
	year = {2005},
}

@book{Hastie2015,
	author = {Trevor Hastie and Robert Tibshirani and Martin Wainwright},
	title = {Statistical Learning with Sparsity: The Lasso and Generalizations},
	publisher = {CRC Press},
	year = {2015},
}

@book{Ruszczynski2006,
	title     = {Nonlinear Optimization},
	publisher = {Princeton University Press},
	year      = {2006},
	author    = {Andrzej P. Ruszczy\'{n}ski}
}

@book{Boyd2004Convex,
	title     = {Convex Optimization},
	publisher = {Cambridge University Press},
	year      = {2004},
	author    = {Stephen Boyd and Lieven Vandenberghe}
}

@book{Wright2006,
	author = {Jorge Nocedal and Stephen J. Wright},
	title = {Numerical Optimization},
	edition = {2nd},
	publisher = {Springer-Verlag New York},
	year = {2006},
}

@article{Boyd2011admm,
	author  = {Stephen Boyd and Neal Parikh and Eric Chu and Borja Peleato and Jonathan Eckstein},
	journal = {Foundations and Trends in Machine Learning},
	title   = {Distributed optimization and statistical learning via the alternating direction method of multipliers},
	year    = {2011},
	number  = {1},
	pages   = {1--122},
	volume  = {3},
}

@book{Nesterov2004,
	author = {Nesterov, Yurii},
	title = {Introductory Lectures on Convex Optimization: A Basic Course},
	year = {2004},
	publisher = {Springer},
} 

@book{Nesterov2018optimization,
	title     = {Lectures on Convex Optimization},
	publisher = {Springer International Publishing},
	year      = {2018},
	author    = {Yurii Nesterov},
	edition = {2nd}
}

@article{Bell1994,
	author  = {Bradley M. Bell},
	journal = {SIAM Journal on Optimization},
	title   = {The Iterated {K}alman Smoother as a {G}auss--{N}ewton Method},
	year    = {1994},
	number  = {3},
	pages   = {626--636},
	volume  = {4},
}

@inproceedings{Simo2020IEKFS, 
	author = {Simo S\"{a}rkk\"{a} and Lennart Svensson},
	title = {{L}evenberg--{M}arquardt and Line-Search Extended {K}alman Smoothers},
	booktitle = {Proceedings of the 45th IEEE International Conference on Acoustics, Speech, and Signal Processing (ICASSP)},
	pages = {5875--5879},
	year = {2020}
}

@phdthesis{Rui2020thesis,
	author = {Rui Gao}, 
	title = {Rescursive Smoother Type Variable Splitting Methods for State Estimation}, 
	school = {Aalto University},
	year = {2020}
}

@article{Rui2019ieks,
	author  = {Rui Gao and Filip Tronarp and Simo S{\"a}rkk{\"a}},
	journal = {IEEE Transactions on Signal Processing},
	title   = {Iterated extended {K}alman smoother-based variable splitting for ${L}_1$-regularized state estimation},
	year    = {2019},
	number  = {19},
	pages   = {5078--5092},
	volume  = {97},
}

@inproceedings{ZhaoZheng2020Drift, 
	author = {Zheng Zhao and Filip Tronarp and Roland Hostettler and Simo S\"{a}rkk\"{a} },
	title = {State-Space {G}aussian Process for Drift Estimation in Stochastic Differential Equations},
	booktitle = {Proceedings of the 45th IEEE International Conference on Acoustics, Speech, and Signal Processing (ICASSP)},
	pages = {5295--5299},
	address = {Barcelona, Spain},
	year = {2020}
}

@article{Yoshida1992,
	author  = {Nakahiro Yoshida},
	journal = {Journal of Multivariate Analysis},
	title   = {Estimation for diffusion processes from discrete observation},
	year    = {1992},
	number  = {2},
	pages   = {220--242},
	volume  = {41},
}

@article{Roberts2001,
	author  = {Gareth O. Roberts and Osnat Stramer},
	journal = {Biometrika},
	title   = {On inference for partially observed nonlinear diffusion models using the {M}etropolis--{H}astings algorithm},
	year    = {2001},
	number  = {3},
	volume  = {88},
	pages   = {603--421},
}

@article{Beskos2006,
	author  = {Alexandros Beskos and Omiros Papaspiliopoulos and Gareth O. Roberts and Paul Fearnhead},
	journal = {Journal of the Royal Statistical Society: Series B (Statistical Methodology)},
	title   = {Exact and computationally efficient likelihood-based estimation for discretely observed diffusion processes},
	year    = {2006},
	number  = {3},
	volume  = {68},
	pages   = {333--382},
}

@article{Papaspiliopoulos2012,
	author  = {Omiros Papaspiliopoulos and Yvo Pokern and Gareth O. Roberts and Andrew M. Stuart},
	journal = {Biometrika},
	title   = {Nonparametric estimation of diffusions: a differential equations approach},
	year    = {2012},
	number  = {3},
	volume  = {99},
	pages   = {511--531},
}

@inproceedings{Ruttor2013,
	author = {Ruttor, Andreas and Batz, Philipp and Opper, Manfred},
	booktitle = {Advances in Neural Information Processing Systems 26},
	pages = {1--9},
	publisher = {Curran Associates, Inc.},
	title = {Approximate {G}aussian process inference for the drift function in stochastic differential equations},
	year = {2013}
}

@article{Garcia2017,
	author  = {Constantino A. Garc\`{i}a and Abraham Otero and Paulo F\'{e}lix and Jes\'{u}s Presedo and David G. M\'{a}rquez},
	journal = {Physical Review E},
	title   = {Nonparametric estimation of stochastic differential equations with sparse {G}aussian processes},
	year    = {2017},
	number  = {2},
	volume  = {96},
	pages   = {022104},
}

@article{Batz2018,
	author  = {Philipp Batz and Andreas Ruttor and Manfred Opper},
	journal = {Physical Review E},
	title   = {Approximate {B}ayes learning of stochastic differential equations},
	year    = {2018},
	number  = {2},
	volume  = {98},
	pages   = {022109},
}

@article{Opper2019,
	author  = {Manfred Opper},
	journal = {Annalen der Physik},
	title   = {Variational Inference for Stochastic Differential Equations},
	year    = {2019},
	number  = {3},
	volume  = {531},
	pages   = {1800233},
}


@inproceedings{Archambeau2007,
	title = {Gaussian Process Approximations of Stochastic Differential Equations},
	author = {Archambeau, C\'{e}dric and Cornford, Dan and Opper, Manfred and Shawe-Taylor, John},
	booktitle = {Gaussian Processes in Practice},
	pages = {1--16},
	year = 	 {2007},
	volume = {1},
	publisher = {PMLR}
}

@inproceedings{Archambeau2008,
	title = {Variational Inference for Diffusion Processes},
	author = {Archambeau, C\'{e}dric and Opper, Manfred and Shen, Yuan and Cornford, Dan and Shawe-taylor, John},
	booktitle = {Advances in Neural Information Processing Systems 20},
	pages = {1--8},
	year = 	 {2008},
	publisher = {Curran Associates, Inc.}
}

@book{Katznelson2004,
	title     = {An Introduction to Harmonic Analysis},
	publisher = {Cambridge University Press},
	year      = {2004},
	author    = {Yitzhak Katznelson},
	edition = {3rd}
}

@book{Bretthorst1988,
	title     = {Bayesian Spectrum Analysis and Parameter Estimation},
	publisher = {Springer-Verlag Berlin Heidelberg},
	year      = {1988},
	author    = {George L. Bretthorst}
}

@article{ZhaoZheng2020KFECG,
	author  = {Zheng Zhao and Simo S\"{a}rkk\"{a} and Ali Bahrami Rad},
	journal = {Journal of Signal Processing Systems},
	title   = {{K}alman-based Spectro-Temporal {ECG} Analysis using Deep Convolutional Networks for Atrial Fibrillation Detection},
	year    = {2020},
	number  = {7},
	volume  = {92},
	pages   = {621--636},
}

@inproceedings{ZhaoZheng2018KF, 
	author = {Zheng Zhao and Simo S\"{a}rkk\"{a} and Ali Bahrami Rad},
	title = {Spectro-temporal {ECG} Analysis for Atrial Fibrillation Detection},
	booktitle = {Proceedings of the 28th IEEE International Workshop on Machine Learning for Signal Processing (MLSP)},
	pages = {1--6},
	address = {Aalborg, Denmark},
	year = {2018}
}

@inproceedings{QiYuan2002, 
	author = {Yuan Qi and Thomas P. Minka and Rosalind W. Picara},
	title = {{B}ayesian spectrum estimation of unevenly sampled nonstationary data},
	booktitle = {Proceedings of the 37th IEEE International Conference on Acoustics, Speech, and Signal Processing},
	volume = {2},
	pages = {1473--1476},
	address = {Orlando, FL, USA},
	year = {2002}
}

@inproceedings{GaoRui2019ALKS, 
	author = {Rui Gao and Filip Tronarp and Zheng Zhao and Simo S\"{a}rk\"{a}},
	title = {Regularized State Estimation And Parameter Learning Via Augmented {L}agrangian {K}alman Smoother Method},
	booktitle = {Proceedings of the 29th IEEE International Workshop on Machine Learning for Signal Processing (MLSP)},
	pages = {1--6},
	address = {Pittsburgh, PA, USA},
	year = {2019}
}

@article{EinsteinGW1937,
	author={Albert Einstein and Nathan Rosen},
	journal={Journal of the Franklin Institute},
	title={On gravitational waves},
	year={1937},
	volume={223},
	number={1},
	pages={43--54}
}

@article{Hill2017,
	author={Clyde D. Hill and Pawe{\l{}} Nuroski and Lydia Bieri and David Garfinkle and Nicol\'{a}s Yunes},
	journal={Notice of the AMS},
	title={The Mathematics of Gravitational Waves},
	year={2017},
	volume={64},
	number={7},
	pages={686--707}
}

@book{Maggiore2008,
	title     = {Gravitational Waves: Volume 1: Theory and Experiments},
	publisher = {Oxford University Press},
	year      = {2008},
	author    = {Michele Maggiore}
}

@book{Blair1991,
	title     = {The Detection of Gravitational Waves},
	publisher = {Cambridge University Press},
	year      = {1991},
	editor    = {David G. Blair},
}

@article{LIGO2016,
	author={Benjamin P. Abbott and others},
	journal={Physical Review Letters},
	title={Observation of Gravitational Waves from a Binary Black Hole Merger},
	year={2016},
	volume={116},
	number={6},
	pages={061102}
}

@inproceedings{Hostettler2018, 
	author = {Roland Hostettler and Tuomas Lumikari and Lauri Palva and Tuomo Nieminen and Simo S\"{a}rkk\"{a}},
	title = {Motion Artifact Reduction in Ambulatory Electrocardiography Using Inertial Measurement Units and {K}alman Filtering},
	booktitle = {Proceedings of the 21st International Conference on Information Fusion (FUSION)},
	pages = {780--787},
	address = {Cambridge, UK},
	year = {2018}
}

@article{Sarang2020,
	author={Thombre, Sarang and Zhao, Zheng and Ramm-Schmidt, Henrik and Garc\'{i}a, Jos\'{e} M. Vallet and Malkam\"{a}ki, Tuomo and Nikolskiy, Sergey and Hammarberg, Toni and Nuortie, Hiski and Bhuiyan, M. Z. H. and S\"{a}rkk\"{a}, Simo and Lehtola, Ville V.},
	journal={IEEE Transactions on Intelligent Transportation Systems}, 
	title={Sensors and {AI} techniques for situational awareness in autonomous ships: a review}, 
	year={2020},
	volume={},
	number={},
	pages={1-20},
	note={In press}
}

@article{Smith2014,
	author={Smith, Mark and Reece, Steven and Roberts, Stephen and Rezek, Iead},
	journal={Knowledge and Information Systems}, 
	title={Maritime abnormality detection using {G}aussian processes},
	volume={38},
	number={3},
	year={2014},
	pages={717--740}
}

@article{Rong2019,
	author={H. Rong and A. P. Teixeira and C. G. Soares},
	journal={Ocean Engineering}, 
	title={Ship trajectory uncertainty prediction based on a {G}aussian Process model},
	voulme={182},
	year={2019},
	pages={499--511}
}

@inproceedings{Kowalska2012,
	author={Kira Kowalska and Leto Peel},
	booktitle={Proceedings of the 15th International Conference on Information Fusion (FUSION)}, 
	title={Maritime anomaly detection using {G}aussian Process active learning}, 
	year={2012},
	pages={1164--1171},
	address = {Singapore}
}

@article{XiaoZ2017,
	author={Zhipeng Xiao and Bin Dai and Hongdong Li and Tao Wu and Xin Xu and Yujun Zeng and Tongtong Chen},
	journal={International Journal of Advanced Robotic Systems}, 
	title={{G}aussian process regression-based robust free space detection for autonomous vehicle by 3-{D} point cloud and 2-{D} appearance information fusion},
	volume={14},
	number={4},
	year={2017},
	pages={1--20}
}

@article{Lindgren2011,
	author = {Lindgren, Finn and Rue, H{\aa}vard and Lindstr\"{o}m, Johan},
	title = {An explicit link between {G}aussian fields and {G}aussian {M}arkov random fields: The stochastic partial differential equation approach},
	journal = {Journal of the Royal Statistical Society: Series B (Statistical Methodology)},
	volume = {73},
	number = {4},
	pages = {423--498},
	year = {2011}
}

@article{Whittle1954,
	author = {Peter Whittle},
	title = {On statioanry process in the plane},
	journal = {Biometrika},
	volume = {41},
	number = {3--4},
	pages = {434--449},
	year = {1954}
}

@article{Roberts2013,
	author = {Stephen Roberts and Michael A. Osborne and Mark Ebden and Reece, S. and Gibson, N. and Aigrain, S.},
	title = {{G}aussian processes for time-series modelling},
	journal = {Philosophical Transactions of the Royal Society A: Mathematical, Physical and Engineering Sciences},
	volume = {371},
	number = {1984},
	pages = {20110550},
	year = {2013}
}

@article{LiuHaitao2020,
	author={Liu, Haitao and Ong, Yew-Soon and Shen, Xiaobo and Cai, Jianfei},
	journal={IEEE Transactions on Neural Networks and Learning Systems}, 
	title={When {G}aussian Process Meets Big Data: a Review of Scalable {GP}s}, 
	year={2020},
	volume={31},
	number={11},
	pages={4405--4423}
}

@inproceedings{Snelson2007,
	title = {Local and global sparse {G}aussian process approximations},
	author = {Snelson, Edward and Ghahramani, Zoubin},
	booktitle = {Proceedings of the 11th International Conference on Artificial Intelligence and Statistics},
	pages = {524--531},
	year = {2007},
	volume = {2},
	publisher = {PMLR}
}

@article{Sarkka2007,
	author={Simo S\"{a}rkk\"{a}},
	journal={IEEE Transactions on Automatic Control}, 
	title={On Unscented {K}alman Filtering for State Estimation of Continuous-Time Nonlinear Systems}, 
	year={2007},
	volume={52},
	number={9},
	pages={1631--1641}
}

@article{Chalupka2013,
	author={Krzysztof Chalupka and Christopher K. I. Williams and Iain Murray},
	journal={Journal of Machine Learning Research}, 
	title={A Framework for Evaluating Approximation Methods for {G}aussian Process Regression}, 
	year={2013},
	volume={14},
	pages={333--350}
}

@inproceedings{Titsias2009, 
	title = {Variational Learning of Inducing Variables in Sparse {G}aussian Processes}, 
	author = {Michalis Titsias}, 
	booktitle = {Proceedings of the 12th International Conference on Artificial Intelligence and Statistics}, pages = {567--574}, 
	year = {2009}, 
	volume = {5}, 
	publisher = {PMLR}
}

@inproceedings{Hensman2013, 
	title = {Gaussian processes for Big data}, 
	author = {James Hensman and Nicol\`{o} Fusi and Neil D. Lawrence}, 
	booktitle = {Proceedings of the 29th Conference on Uncertainty in Artificial Intelligence}, 
	pages = {282--290}, 
	year = {2013}, 
	publisher = {AUAI Press}
}

@article{Rue2009N,
	author = {Rue, H{\aa}vard and Martino, Sara and Chopin, Nicolas},
	title = {Approximate {B}ayesian inference for latent {G}aussian models by using integrated nested {L}aplace approximations},
	journal = {Journal of the Royal Statistical Society: Series B (Statistical Methodology)},
	volume = {71},
	number = {2},
	pages = {319--392},
	year = {2009}
}

@book{Kocijan2016,
	title     = {Modelling and Control of Dynamic Systems Using Gaussian Process Models},
	publisher = {Springer International Publishing},
	year      = {2016},
	author    = {Ju{\v{s}} Kocijan}
}

@inproceedings{Rasmussen2002GPexperts,
	title={Infinite mixtures of {G}aussian process experts},
	author={Rasmussen, Carl E. and Ghahramani, Zoubin},
	booktitle={Advances in Neural Information Processing Systems 14},
	pages={881--888},
	year={2002},
	publisher={MIT press}
}

@inproceedings{Meeds2006,
	title={An alternative infinite mixture of {G}aussian process experts},
	author={Meeds, Edward and Osindero, Simon},
	booktitle={Advances in Neural Information Processing Systems 18},
	pages={883--890},
	year={2006},
	publisher={MIT press}
}

@article{ZhangMinyi2019,
	author  = {Michael Minyi Zhang and Sinead A. Williamson},
	title   = {Embarrassingly Parallel Inference for {G}aussian Processes},
	journal = {Journal of Machine Learning Research},
	year    = {2019},
	volume  = {20},
	number  = {169},
	pages   = {1--26},
}

@inproceedings{Grigorievskiy2017,
	author={Grigorievskiy, Alexander and Lawrence, Neil and S\"{a}rkk\"{a}, Simo},
	booktitle={Proceedings of the 27th IEEE International Workshop on Machine Learning for Signal Processing (MLSP)}, 
	title={Parallelizable sparse inverse formulation {G}aussian processes ({SpInGP})}, 
	year={2017},
	volume={},
	number={},
	pages={1--6}, 
	address = {Tokyo, Japan}
}

@inproceedings{KeWang2019,
	author = {Ke A. Wang and Geoff Pleiss and Jacob R. Gardner and Stephen Tyree and Kilian Q. Weinberger and Andrew G. Wilson},
	booktitle = {Advances in Neural Information Processing Systems 32},
	pages = {14648--14659},
	publisher = {Curran Associates, Inc.},
	title = {Exact {G}aussian processes on a million data points},
	year = {2019}
}

@article{Williams1998,
	author = {Christopher K. I. Williams}, 
	title = {Computation with infinite neural networks},
	journal = {Neural Computation}, 
	number = {5}, 
	volume = {10}, 
	pages = {1203--1216}, 
	year = {1998}
}


@InProceedings{Corenflos2021OT,
	title = {Differentiable Particle Filtering via Entropy-Regularized Optimal Transport},
	author = {Corenflos, Adrien and Thornton, James and Deligiannidis, George and Doucet, Arnaud},
	booktitle = {Proceedings of the 38th International Conference on Machine Learning},
	pages = {2100--2111},
	year = {2021},
	volume = {139},
	publisher = {PMLR}
}


@article{Sampson1992,
	author = {Paul D. Sampson and Peter Guttorp},
	title = {Nonparametric Estimation of Nonstationary Spatial Covariance Structure},
	journal = {Journal of the American Statistical Association},
	volume = {87},
	number = {417},
	pages = {108--119},
	year  = {1992}
}


@inproceedings{Heinonen2016,
	title = {Non-Stationary {G}aussian Process Regression with {H}amiltonian {M}onte {C}arlo},
	author = {Heinonen, Markus and Mannerstr\"{o}m, Henrik and Rousu, Juho and Kaski, Samuel and L\"{a}hdesm\"{a}ki, Harri},
	booktitle = {Proceedings of the 19th International Conference on Artificial Intelligence and Statistics},
	pages = {732--740},
	year = 	 {2016},
	volume = {51},
	address = {Cadiz, Spain},
	publisher = {PMLR}
}

@inproceedings{Wilson2016DeepKernel, 
	title = {Deep Kernel Learning}, 
	author = {Andrew G. Wilson and Zhiting Hu and Ruslan Salakhutdinov and Eric P. Xing}, 
	booktitle = {Proceedings of the 19th International Conference on Artificial Intelligence and Statistics}, 
	pages = {370--378}, 
	year = {2016}, 
	volume = {51}, 
	address = {Cadiz, Spain},
	publisher = {PMLR}
}

@inproceedings{Calandra2016ManifoldGP,
	author={Roberto Calandra and Jan Peters and Carl E. Rasmussen and Marc P. Deisenroth},
	booktitle={Proceedings of the 2016 International Joint Conference on Neural Networks (IJCNN)}, 
	title={Manifold {G}aussian Processes for regression}, 
	year={2016},
	address = {Vancouver, Canada},
	pages={3338--3345}
}

@inproceedings{Snelson2004,
	author = {Snelson, Edward and Ghahramani, Zoubin and Rasmussen, Carl E.},
	booktitle = {Advances in Neural Information Processing Systems 16},
	pages = {1--8},
	publisher = {MIT Press},
	title = {Warped {G}aussian Processes},
	year = {2004}
}

@article{Rios2019,
	title = {Compositionally-warped {G}aussian processes},
	journal = {Neural Networks},
	volume = {118},
	pages = {235--246},
	year = {2019},
	author = {Gonzalo Rios and Felipe Tobar}
}

@inproceedings{Gredilla2012,
	author = {L\'{a}zaro-Gredilla, Miguel},
	booktitle = {Advances in Neural Information Processing Systems 25},
	pages = {1--9},
	publisher = {Curran Associates, Inc.},
	title = {{B}ayesian Warped {G}aussian Processes},
	year = {2012}
}


@inproceedings{Damianou2013,
	title = {Deep {G}aussian Processes},
	author = {Damianou, Andreas and Lawrence, Neil D.},
	booktitle = {Proceedings of the 16th International Conference on Artificial Intelligence and Statistics},
	pages = {207--215},
	year = {2013},
	volume = {31},
	address = {Scottsdale, Arizona, USA},
	publisher =    {PMLR}
}

@inproceedings{Salimbeni2017Doubly,
	author = {Salimbeni, Hugh and Deisenroth, Marc P.},
	booktitle = {Advances in Neural Information Processing Systems 30},
	pages = {1--12},
	publisher = {Curran Associates, Inc.},
	title = {Doubly Stochastic Variational Inference for Deep {G}aussian Processes},
	year = {2017}
}

@inproceedings{Bui2016, 
	title = {Deep {G}aussian Processes for Regression using Approximate Expectation Propagation}, 
	author = {Bui, Thang and Jos\'{e} M. Hern\'{a}ndez-Lobato and Daniel Hern\'{a}ndez-Lobato and Li, Yingzhen and Turner, Richard}, 
	booktitle = {Proceedings of the 33rd International Conference on Machine Learning},
	pages = {1472--1481}, 
	year = {2016}, 
	volume = {48}, 
	address = {New York, USA}, 
	publisher = {PMLR}
}

@article{Roininen2016,
	title={Hyperpriors for {M}at\'{e}rn fields with applications in {B}ayesian inversion},
	author={Lassi Roininen and Mark Girolami and Sari Lasanen and Makku Markkanen},
	number={1},
	volume={13},
	pages={1--29},
	journal={Inverse Problems \& Imaging},
	year={2019}
}

@inproceedings{Salimbeni2017ns,
	author = {Salimbeni, Hugh and Marc P. Deisenroth},
	booktitle = {NIPS Workshop on Bayesian Deep Learning},
	pages = {},
	title = {Deeply Non-Stationary {G}aussian Processes},
	year = {2017}
}

@article{Karla2020,
	title={Posterior inference for sparse hierarchical non-stationary models},
	author={Karla Monterrubio-G\'{o}mez and Lassi Roininen and Sara Wade and Theodoros Damoulas and Mark Girolami},
	journal={Computational Statistics and Data Analysis},
	volume={148},
	pages={106954},
	year={2020}
}

@article{Schmidt2003,
	author = {Schmidt, Alexandra M. and O'Hagan, Anthony},
	title = {{B}ayesian inference for non-stationary spatial covariance structure via spatial deformations},
	journal = {Journal of the Royal Statistical Society: Series B (Statistical Methodology)},
	volume = {65},
	number = {3},
	pages = {743--758},
	year = {2003}
}

@article{Hennig2015,
	author = {Hennig, Philipp and Osborne, Michael A. and Girolami, Mark},
	title = {Probabilistic numerics and uncertainty in computations},
	journal = {Proceedings of the Royal Society A: Mathematical, Physical and Engineering Sciences},
	volume = {471},
	number = {2179},
	pages = {20150142},
	year = {2015}
}

@book{Paley1934, 
	author = {Raymond E. A. C. Paley and Nobert Wiener}, 
	title = {Fourier Transform in the Complex Domain}, 
	year = {1934}, 
	series = {Colloquium Publications},
	volume = {19},
	publisher = {American Mathematical Society}
}

@book{Law2015, 
	author = {Kody J. H. Law and Andrew M. Stuart and Konstantinos C. Zygalakis}, 
	title = {Data Assimilation: A Mathematical Introduction}, 
	year = {2015}, 
	publisher = {Springer International Publishing Switzerland}
}

@book{Chopin2020, 
	author = {Chopin, Nicolas and Papaspiliopoulos, Omiros}, 
	title = {An Introduction to Sequential Monte Carlo}, 
	year = {2020}, 
	publisher = {Springer International Publishing},
	series = {Springer Series in Statistics}
}

@book{Braumann2019, 
	author = {Carlos A. Braumann}, 
	title = {Introduction to Stochastic Differential Equations with Applications to Modelling in Biology and Finance}, 
	year = {2019}, 
	publisher = {John Wiley \& Sons}
}

@article{Docet2000,
	author = {Arnaud Doucet and Simon Godsill  and Christophe Andrieu},
	title = {On sequential {M}onte {C}arlo sampling methods for {B}ayesian filtering},
	journal = {Statistics and Computing},
	volume = {10},
	number = {3},
	pages = {197--208},
	year = {2000}
}

@book{Doucet2001,
	editor = {Arnaud Doucet and Nando de Freitas and Neil Gordon},
	title = {Sequential Monte Carlo Methods in Practice},
	year = {2001},
	series = {Statistics for Engineering and Information Science},
	publisher = {Springer-Verlag New York}
}

@article{Simon2004,
	author={Simon J. Godsill and Arnaud Doucet and Mike West},
	journal={Journal of the American Statistical Association},
	title={{M}onte {C}arlo Smoothing for Nonlinear Time Series},
	year={2004},
	volume={99},
	number={465},
	pages={156--168}
}

@article{Christophe2010,
	author={Christophe Andrieu and Arnaud Doucet and Roman Holenstein},
	journal={Journal of the Royal Statistical Society: Series B (Statistical Methodology)},
	title={Particle {M}arkov chain {M}onte {C}arlo methods},
	year={2010},
	volume={72},
	number={3},
	pages={269--342}
}

@article{Ranjan2011,
	author={Pritam Ranjan and Ronald Haynes and Richard Karsten},
	journal={Technometrics},
	title={A Computationally Stable Approach to {G}aussian Process Interpolation of Deterministic Computer Simulation Data},
	year={2011},
	volume={53},
	number={4},
	pages={366--378}
}

@book{Khalil2002,
	author = {Hassan K. Khalil},
	title = {Nonlinear Systems},
	year = {2002},
	edition = {3rd},
	publisher = {Pearson}
}

@book{Pavliotis2014,
	author = {Grigorios A. Pavliotis},
	title = {Stochastic Processes and Applications: Diffusion Processes, the Fokker-Planck and Langevin Equations},
	year = {2014},
	series = {Texts in Applied Mathematics},
	volume = {60},
	publisher = {Springer-Verlag New York}
}

@book{Canuto2015,
	author = {Claudio Canuto and Anita Tabacco},
	title = {Mathematical Analysis II},
	year = {2014},
	edition = {2nd},
	publisher = {Springer International Publishing}
}

@article{Ababou1994,
	author = {Rachid Ababou and Amvrossios C. Bagtzoglou and Eric F. Wood }, 
	title = {On the condition number of covariance matrices in kriging, estimation, and simulation of random fields}, 
	journal = {Mathematical Geology}, 
	volume = {26}, 
	number = {1},
	pages = {99-133}, 
	year = {1994}
}

@article{Blomker2013,
	author = {Dirk Bl\"{o}mker and Kody J. H. Law and Andrew M. Stuart and Konstantinos C. Zygalakis}, 
	title = {Accuracy and stability of the continuous-time {3DVAR} filter for the {N}avier--{S}tokes equation}, 
	journal = {Nonlinearity}, 
	volume = {26}, 
	number = {8},
	pages = {2193--2219}, 
	year = {2013}
}

@article{LawK2014,
	title = {Analysis of the {3DVAR} filter for the	partially observed {L}orenz'63 model},
	author = {Kody J. H. Law and Abhishek Shukla and Andrew M. Stuart},
	journal = {Discrete and Continuous Dynamical Systems},
	volume = {34},
	number = {3},
	pages = {1061--1078},
	year = {2014}
}

@article{Kitagawa1987,
	title = {Non-{G}aussian State--Space Modeling of Nonstationary Time Series},
	author = {Genshiro Kitagawa},
	journal = {Journal of the American Statistical Association},
	volume = {82},
	number = {400},
	pages = {1032--1041},
	year = {1987}
}

@inproceedings{XuechenLi2020,
	title = {Scalable Gradients for Stochastic Differential Equations},
	author = {Li, Xuechen and Wong, Ting-Kam Leonard and Chen, Ricky T. Q. and Duvenaud, David},
	booktitle = {Proceedings of the Twenty Third International Conference on Artificial Intelligence and Statistics},
	pages = {3870--3882},
	year = {2020},
	volume = {108},
	publisher = {PMLR}
}

@inproceedings{Tzen2019,
	title = {Theoretical guarantees for sampling and inference in generative models with latent diffusions},
	author = {Tzen, Belinda and Raginsky, Maxim},
	booktitle = {Proceedings of the Thirty-Second Conference on Learning Theory},
	pages = {3084--3114},
	year = {2019},
	volume = {99},
	publisher = {PMLR}
}

@book{Evensen2009,
	author = {Geir Evensen},
	title = {Data Assimulation: The Ensemble Kalman Filter},
	year = {2009},
	edition = {2nd},
	publisher = {Springer-Verlag Berlin Heidelberg}
}

@misc{YaoweiLi2020,
	author = {Yaowei Li},
	title = {{Non-stationary State Space Gaussian Processes}},
	year = {2020},
	howpublished = {Master thesis, Aalto University},
}

@article{Jia2012,
	author = {Bin Jia and Ming Xin and Yang Cheng},
	title = {Sparse-grid quadrature nonlinear filtering},
	journal = {Automatica},
	volume = {48},
	number = {2},
	pages = {327--341},
	year = {2012}
}

@article{Radhakrishnan2016,
	author = {Rahul Radhakrishnan and Abhinoy Kumar Singh and Shovan Bhaumik and Nutan Kumar Tomar},
	journal = {Applied Mathematical Modelling},
	title = {Multiple sparse-grid {G}auss--{H}ermite filtering},
	year = {2016},
	number = {7--8},
	pages = {4441--4450},
	volume = {40}
}

@article{Courts2021,
	author = {Jarrad Courts and Adrian Wills and Thomas B. Sch\"{o}n}, 
	title = {Gaussian Variational State Estimation for Nonlinear State-Space Models}, 
	journal = {IEEE Transactions on Signal Processing},
	year = {2021},
	note = {In press}
}
